<?xml version="1.0" encoding="UTF-8"?><collection xmlns="http://www.loc.gov/MARC21/slim"><record><leader>00480nam--2200169-i-4500</leader><controlfield tag="001">000005823</controlfield><controlfield tag="002">20161230</controlfield><controlfield tag="005">20170106174055</controlfield><controlfield tag="008">060222s1000------------r-----000-0-eng-d</controlfield><datafield ind1=" " ind2=" " tag="040"><subfield code="a">IFIN-HH</subfield></datafield><datafield ind1=" " ind2=" " tag="080"><subfield code="a">801.323.2=945.11=590</subfield></datafield><datafield ind1="1" ind2=" " tag="100"><subfield code="a">Kelemen, B©♭la</subfield></datafield><datafield ind1="1" ind2="0" tag="245"><subfield code="a">Magyar-rom©Łn sz©đt©Łr. Dictionar maghiar-roman</subfield><subfield code="c">Kelemen Bela (redactor principal)</subfield></datafield><datafield ind1=" " ind2=" " tag="260"><subfield code="a">Bucuresti</subfield><subfield code="b">Editura Stiintifica</subfield><subfield code="c">1961</subfield></datafield><datafield ind1=" " ind2=" " tag="300"><subfield code="a">822 p</subfield></datafield><datafield ind1=" " ind2=" " tag="852"><subfield code="a">D.248</subfield><subfield code="c">SLT</subfield></datafield><datafield ind1=" " ind2=" " tag="CAT"><subfield code="a">SYS</subfield><subfield code="c">20170106</subfield><subfield code="h">174055</subfield></datafield></record></collection>